<?xml version="1.0" encoding="UTF-8"?><collection xmlns="http://www.loc.gov/MARC21/slim"><record><leader>00467nam--2200169-i-4500</leader><controlfield tag="001">000023225</controlfield><controlfield tag="002">20161230</controlfield><controlfield tag="005">20170103000814</controlfield><controlfield tag="008">060222s1000------------r-----000-0-eng-d</controlfield><datafield ind1=" " ind2=" " tag="080"><subfield code="a">029.75:624/625</subfield></datafield><datafield ind1=" " ind2=" " tag="100"><subfield code="a">Husein, Gh</subfield></datafield><datafield ind1=" " ind2=" " tag="245"><subfield code="a">Desen tehnic pentru constructii de masini, manual pentru scoli postliceale</subfield></datafield><datafield ind1=" " ind2=" " tag="260"><subfield code="a">Bucuresti</subfield><subfield code="b">Ed.Didactica Si Pedagogica</subfield><subfield code="c">1970</subfield></datafield><datafield ind1=" " ind2=" " tag="300"><subfield code="a">534 p</subfield></datafield><datafield ind1=" " ind2=" " tag="700"><subfield code="a">Savescu, L</subfield></datafield><datafield ind1=" " ind2=" " tag="852"><subfield code="a">37473</subfield></datafield><datafield ind1=" " ind2=" " tag="CAT"><subfield code="a">SYS</subfield><subfield code="c">20170103</subfield><subfield code="h">000814</subfield></datafield></record></collection>